@inproceedings{Agosta2019EOOLT,
 author = {Agosta, Giovanni and Casella, Francesco and Cherubin, Stefano and Leva, Alberto and Terraneo, Federico},
 _author = {Agosta, Giovanni and others},
 title = {Towards a Benchmark Suite for High-Performance Modelica Compilers ({Work-In-Progress} Paper)},
 booktitle = {9th International Workshop on Equation-Based Object-Oriented Modeling Languages and Tools},
 series = {EOOLT '19},
 year = {2019},
 month={11},
 location = {Berlin, Germany},
 pages = {},
 numpages = {4},
 doi = {10.1145/3365984.3365988},
}
@article{Baldino2019Modelica,
author={Agosta, Giovanni
 and Baldino, Emanuele
 and Casella, Francesco
 and Cherubin, Stefano
 and Leva, Alberto
 and Terraneo, Federico},
_author={Agosta, Giovanni and others},
title={Towards a High-Performance Modelica Compiler},
doi={10.3384/ecp19157313},
isbn={978-91-7685-122-7},
year={2019},
month={03},
location={Regensburg, Germany},
booktitle={Proceedings of the 13th International Modelica Conference},
pages={313--320},
numpages={8},
url={https://modelica.org/events/modelica2019/proceedings/html/papers/Modelica2019paper3B4.pdf}
}

@inproceedings{Bolchini2016Runtime,
 author = {Bolchini, Cristiana and Cherubin, Stefano and Durelli, Gianluca C. and Libutti, Simone and Miele, Antonio and Santambrogio, Marco D.},
 _author = {Bolchini, Cristiana and others},
 title = {A Runtime Controller for openCL Applications on Heterogeneous System Architectures},
 booktitle = {Proceedings of CEUR Workshop},
 volume = {},
 number = {},
 month = {10},
 year = {2016},
 issn = {1551-3688},
 location = {Pittsburgh, USA},
 pages = {1--6},
 numpages = {7},
 doi = {10.1145/3199610.3199614},
} 
@inproceedings{cattaneo2018DSD,
  title = {Embedded Operating System Optimization through Floating to Fixed Point Compiler Transformation},
  author = {Cattaneo, Daniele and Di Bello, Antonio and Cherubin, Stefano and Terraneo, Federico and Agosta, Giovanni},
  _author = {Cattaneo, Daniele and others},
  booktitle = {21st Euromicro Conference on Digital System Design ({DSD})},
  location = {Prague, Czech Republic},
  year = {2018},
  pages={172-176},
  volume={00},
  month = {08},
  issn = {},
  doi = {10.1109/DSD.2018.00042},
  isbn = {978-1-5386-7377-5},
  keywords = {Compilers ; Fixed-Point ; Task Scheduler},
}
@inproceedings{Cattaneo2019CF,
author={Cattaneo, Daniele
 and Di Bello, Antonio
 and Chiari, Michele
 and Cherubin, Stefano
 and Agosta, Giovanni},
_author={Cattaneo, Daniele and others},
title = {Fixed Point Exploitation via Compiler Analyses and Transformations: POSTER},
booktitle = {Proceedings of the 16th ACM International Conference on Computing Frontiers},
series = {CF '19},
year = {2019},
isbn = {978-1-4503-6685-4},
location = {Alghero, Italy},
pages = {292--294},
numpages = {3},
location={Alghero, Italy},
doi={10.1145/3310273.3323424},
month={04},
}
@InProceedings{Cattaneo2019ParCo,
author={Cattaneo, Daniele
 and Chiari, Michele
 and Cherubin, Stefano
 and Agosta, Giovanni},
_author={Cattaneo, Daniele and others},
title={Feedback-Driven Performance and Precision Tuning for Automatic Fixed Point Exploitation},
booktitle = {International Conference on Parallel Computing},
series={Advances in Parallel Computing},
year={2019},
volume={36},
number={},
pages={299--308},
location={Prague, Czech Republic},
doi={10.3233/APC200054},
month={09},
}
@InProceedings{Cattaneo2021DAC,
  author={Cattaneo, Daniele
   and Chiari, Michele
   and Fossati, Nicola
   and Cherubin, Stefano
   and Agosta, Giovanni
   },
  booktitle={2021 58th ACM/IEEE Design Automation Conference (DAC)}, 
  title={Architecture-aware Precision Tuning with Multiple Number Representation Systems}, 
  year={2021},
  month={12},
  volume={},
  number={},
  pages={673-678},
  doi={10.1109/DAC18074.2021.9586303},
  note={Best-Paper Award (shortlisted)},
}

@article{Cattaneo2021FixM,
author = {Cattaneo, Daniele
 and Chiari, Michele
 and Magnani, Gabriele
 and Fossati, Nicola
 and Cherubin, Stefano
 and Agosta, Giovanni},
_author = {Cattaneo, Daniele and others},
title = {{FixM}: Code Generation of Fixed Point Mathematical Functions},
issn = {2210-5379},
volume = {29},
year = {2021},
month = {03},
articleno = {},
numpages = {17},
doi = {10.1016/j.suscom.2020.100478},
journal = {Sustainable Computing: Informatics and Systems},
shortjournal = {SUSCOM},
url = "http://www.sciencedirect.com/science/article/pii/S2210537920302018",
}

@inproceedings{Cherubin2016PARMADITAM,
 author = {Cherubin, Stefano and Scandale, Michele and Agosta, Giovanni},
 _author = {Cherubin, Stefano and others},
 title = {Stack Size Estimation on Machine-independent Intermediate Code for OpenCL Kernels},
 booktitle = {Proceedings of the 7th Workshop on Parallel Programming and Run-Time Management Techniques for Many-core Architectures and the 5th Workshop on Design Tools and Architectures For Multicore Embedded Computing Platforms},
 series = {PARMA-DITAM '16},
 year = {2016},
 isbn = {978-1-4503-4052-6},
 location = {Prague, Czech Republic},
 pages = {1--6},
 numpages = {6},
 doi = {10.1145/2872421.2872425},
 keywords = {OpenCL, stack size estimation},
}
@InProceedings{cherubin2017ParCo,
  title = {{Implications of Reduced-Precision Computations in HPC: Performance, Energy and Error}},
  author = {Cherubin, Stefano and Agosta, Giovanni and Lasri, Imane and Rohou, Erven and Sentieys, Olivier},
  _author = {Cherubin, Stefano and others},
  booktitle = {Parallel Computing is Everywhere},
  note = {{International Conference on Parallel Computing (ParCo), Sep 2017}},
  location = {Bologna, Italy},
  year = {2018},
  month = {03},
  volume = {32: Advances in Parallel Computing},
  doi = {10.3233/978-1-61499-843-3-297},
  issn = {0927-5452},
  isbn = {978-1-61499-842-6},
  pages = {297 -- 306},
  keywords = {Fixed-Point ; Compilers ; Approximate Computing},
}
@inproceedings{cherubin2018ACACES,
  title = {{Dynamic Compilation in HPC}},
  author = {Cherubin, Stefano and Agosta, Giovanni},
  booktitle = {{ACACES 2018 poster abstracts}},
  location = {Fiuggi, Italy},
  year = {2018},
  month = {07},
  issn = {},
  isbn = {},
}
@article{cherubin2018libVC,
author = {Cherubin, Stefano and Agosta, Giovanni},
title = {{libVersioningCompiler}: An easy-to-use library for dynamic generation and invocation of multiple code versions},
journal = {SoftwareX},
year = {2018},
pages = {95 - 100},
volume = {7},
number = {},
note = {},
issn = {2352-7110},
doi = {10.1016/j.softx.2018.03.006},
}

@article{Cherubin2019ESL,
author={Cherubin, Stefano
 and Cattaneo, Daniele
 and Chiari, Michele
 and Di Bello, Antonio
 and Agosta, Giovanni}, 
_author={Cherubin, Stefano and others},
journal={IEEE Embedded Systems Letters},
title={{TAFFO}: Tuning Assistant for Floating to Fixed point Optimization},
year={2019},
volume={},
number={},
pages={},
keywords={Tools;Tuning;Benchmark testing;Estimation;Approximate computing;Computer architecture;Computer languages;Floating point;fixed point;approximate computing;precision tuning.}, 
doi={10.1109/LES.2019.2913774},
ISSN={1943-0663},
month={},
}
@InProceedings{Cherubin2019Mappping,
author={Cherubin, Stefano
 and Borrelli, Clara
 and Zanoni, Massimiliano
 and Buccoli, Michele
 and Sarti, Augusto
 and Tubaro, Stefano},
_author={Cherubin, Stefano and others},
booktitle={2019 International Workshop on Multilayer Music Representation and Processing (MMRP)},
title={Three-Dimensional Mapping of High-Level Music Features for Music Browsing},
year={2019},
volume={},
number={},
pages={19-26},
doi={10.1109/MMRP.2019.8665368},
ISSN={},
month={01},
location={Milano, Italy}
}
@article{cherubin2020survey,
title = {Tools for Reduced Precision Computation: a Survey},
author = {Cherubin, Stefano and Agosta, Giovanni},
journal = {ACM Computing Surveys},
shortjournal = {ACM Comput. Surv.},
year = {2020},
month = {04},
volume = {53},
number = {2},
numpages = {35},
issn = {0360-0300},
doi = {10.1145/3381039},
}

@article{Cherubin2020TACO,
author = {Cherubin, Stefano and Cattaneo, Daniele and Chiari, Michele and Giovanni, Agosta},
_author = {Cherubin, Stefano and others},
title = {Dynamic Precision Autotuning with {TAFFO}},
volume = {17},
number = {2},
year = {2020},
issn = {1544-3566},
doi = {10.1145/3388785},
journal = {ACM Transaction on Architecture and Code Optimization},
shortjournal = {ACM Trans. Archit. Code Optim.},
month = {05},
articleno = {10},
numpages = {26},
}
@inproceedings{Festa2019PARMADITAM,
 author = {Festa, Marco and Gervasoni, Nicole and Cherubin, Stefano and Agosta, Giovanni},
 _author = {Festa, Marco and others},
 title = {Continuous Program Optimization via Advanced Dynamic Compilation Techniques},
 booktitle = {Proceedings of the 10th Workshop on Parallel Programming and Run-Time Management Techniques for Many-core Architectures and the 8th Workshop on Design Tools and Architectures For Multicore Embedded Computing Platforms},
 series = {PARMA-DITAM '19},
 year = {2019},
 month = {01},
 isbn = {978-1-4503-6321-1},
 location = {Valencia, Spain},
 pages = {2:1--2:6},
 articleno = {2},
 numpages = {6},
 doi = {10.1145/3310411.3310415},
}
@InProceedings{Fossati2020PARMA-DITAM,
author = {Fossati, Nicola and Cattaneo, Daniele and Chiari, Michele and Cherubin, Stefano and Agosta, Giovanni},
_author = {Fossati, Nicola and othres},
title = {Automated Precision Tuning in Activity Classification Systems: A Case Study},
booktitle = {Proceedings of the 11th Workshop on Parallel Programming and Run-Time Management Techniques for Many-core Architectures and the 9th Workshop on Design Tools and Architectures For Multicore Embedded Computing Platforms},
series = {PARMA-DITAM '20},
year = {2020},
month = {01},
isbn = {9781450375450},
location = {Bologna, Italy},
pages = {1--6},
articleno = {5},
numpages = {6},
doi = {10.1145/3381427.3381432},
}

@article{Gadioli2020Tunable,
author = {Gadioli, Davide
 and Palermo, Gianluca
 and Cherubin, Stefano
 and Vitali, Emanuele
 and Giovanni, Agosta
 and Manelfi, Candida
 and Beccari, Andrea R.
 and Cavazzoni, Carlo
 and Sanna, Nico
 and Silvano, Cristina},
_author = {Gadioli, Davide and others},
title = {Tunable approximations to control time-to-solution in an {HPC} molecular docking Mini-App},
volume = {},
number = {},
year = {2020},
issn = {1573-0484},
doi = {10.1007/s11227-020-03295-x},
journal = {The Journal of Supercomputing},
shortjournal = {J. Supercomput.},
month = {04},
articleno = {},
numpages = {29},
}
@inproceedings{Nobre2018PARMADITAM,
 author = {Nobre, Ricardo and Reis, Lu\'{i}s and Bispo, Jo\~{a}o and Carvalho, Tiago and Cardoso, Jo\~{a}o M. P. and Cherubin, Stefano and Agosta, Giovanni},
 _author = {Nobre, Ricardo and others},
 title = {Aspect-Driven Mixed-Precision Tuning Targeting GPUs},
 booktitle = {Proceedings of the 9th Workshop on Parallel Programming and Run-Time Management Techniques for Many-core Architectures and the 7th Workshop on Design Tools and Architectures For Multicore Embedded Computing Platforms},
 series = {PARMA-DITAM '18},
 year = {2018},
 month = {01},
 location = {Manchester, United Kingdom},
 pages = {26--31},
 numpages = {6},
 doi = {10.1145/3183767.3183776},
 keywords = {GPGPU, aspect-driven, mixed-precision},
}
@inproceedings{Silvano2016ANTAREX,
 author = {Silvano, Cristina and Agosta, Giovanni and Cherubin, Stefano and Gadioli, Davide and Palermo, Gianluca and Bartolini, Andrea and Benini, Luca and Martinovi\v{c}, Jan and Palkovi\v{c}, Martin and Slaninov\'{a}, Kate\v{r}ina and Bispo, Jo\~{a}o and Cardoso, Jo\~{a}o M. P. and Abreu, Rui and Pinto, Pedro and Cavazzoni, Carlo and Sanna, Nico and Beccari, Andrea R. and Cmar, Radim and Rohou, Erven},
 _author = {Silvano, Cristina and others},
 title = {The ANTAREX Approach to Autotuning and Adaptivity for Energy Efficient HPC Systems},
 booktitle = {Proceedings of the ACM International Conference on Computing Frontiers},
 series = {CF '16},
 year = {2016},
 isbn = {978-1-4503-4128-8},
 location = {Como, Italy},
 pages = {288--293},
 numpages = {6},
 doi = {10.1145/2903150.2903470},
 keywords = {DSL, adaptivity, autotuning, compilers, energy efficiency, high performance computing},
}
@inproceedings{Silvano2017ANTAREX,
author = {Silvano, Cristina and Agosta, Giovanni and Barbosa, Jorge and Bartolini, Andrea and Beccari, Andrea R. and Benini, Luca and Bispo, Jo\~{a}o and Cardoso, Jo\~{a}o M. P. and Cavazzoni, Carlo and Cherubin, Stefano and Cmar, Radim and Gadioli, Davide and Manelfi, Candida and Martinovi\v{c}, Jan and Nobre, Ricardo and Palermo, Gianluca and Palkovi\v{c}, Martin and Pinto, Pedro and Rohou, Erven and Sanna, Nico and Slaninov\'{a}, Kate\v{r}ina},
_author = {Silvano, Cristina and others},
booktitle = {International Conference on Embedded Computer Systems: Architectures, Modeling, and Simulation (SAMOS)},
title = {The ANTAREX tool flow for monitoring and autotuning energy efficient HPC systems},
series = {SAMOS '17},
year = {2017},
volume = {},
number = {},
location = {Pythagorion, Greece},
pages = {308--316},
doi = {10.1109/SAMOS.2017.8344645},
ISSN = {},
month = {07},
}
@inproceedings{Silvano2018AntarexToolbox,
 author = {Silvano, Cristina and Palermo, Gianluca and Agosta, Giovanni and Ashouri, Amir H. and Gadioli, Davide and Cherubin, Stefano and Vitali, Emanuele and Benini, Luca and Bartolini, Andrea and Cesarini, Daniele and Cardoso, Joao and Bispo, Joao and Pinto, Pedro and Nobre, Riccardo and Rohou, Erven and Besnard, Lo\"{\i}c and Lasri, Imane and Sanna, Nico and Cavazzoni, Carlo and Cmar, Radim and Martinovi\v{c}, Jan and Slaninov\'{a}, Kate\v{r}ina and Golasowski, Martin and Beccari, Andrea R. and Manelfi, Candida},
 _author = {Silvano, Cristina and others},
 title = {Autotuning and Adaptivity in Energy Efficient {HPC} Systems: The {ANTAREX} Toolbox},
 booktitle = {Proceedings of the 15th ACM International Conference on Computing Frontiers},
 series = {CF '18},
 year = {2018},
 isbn = {978-1-4503-5761-6},
 location = {Ischia, Italy},
 pages = {270--275},
 numpages = {6},
 doi = {10.1145/3203217.3205338},
}
@inproceedings{Silvano2018AntarexDSD,
 author = {Silvano, Cristina
 and Agosta, Giovanni
 and Bartolini, Andrea
 and Beccari, Andrea R.
 and Benini, Luca
 and Besnard, Lo\"{\i}c
 and Bispo, Jo\~{a}o
 and Cmar, Radim
 and Cardoso, Jo\~{a}o
 and Cavazzoni, Carlo
 and Cherubin, Stefano
 and Gadioli, Davide
 and Golasowski, Martin
 and Lasri, Imane
 and Martinovi\v{c}, Jan
 and Palermo, Gianluca
 and Pinto, Pedro
 and Rohou, Erven
 and Sanna, Nico
 and Slaninov\'{a}, Kate\v{r}ina
 and Vitali, Emanuele
},
 _author = {Silvano, Cristina and others},
 title = {{ANTAREX}: A {DSL}-based Approach to Adaptively Optimizing and Enforcing Extra-Functional Properties in High Performance Computing},
 booktitle={21st Euromicro Conf. on Digital System Design (DSD)},
 volume={},
 number={},
 pages={600--607},
 doi={10.1109/DSD.2018.00105},
 ISSN={},
 location = {Prague, Czech Republic},
 year = {2018},
 month = {08},
 isbn = {},
}
@article{Silvano2019ANTAREX_MICPRO,
title = {The {ANTAREX} domain specific language for high performance computing},
journal = {Microprocessors and Microsystems},
volume = {68},
pages = {58 -- 73},
year = {2019},
issn = {0141-9331},
doi = {10.1016/j.micpro.2019.05.005},
author = {Silvano, Cristina
 and Agosta, Giovanni
 and Bartolini, Andrea
 and Beccari, Andrea R.
 and Benini, Luca
 and Besnard, Lo\"{i}c
 and Bispo, Jo\~{a}o
 and Cmar, Radim
 and Cardoso, Jo\~{a}o M. P.
 and Cavazzoni, Carlo
 and Cesarini, Daniele
 and Cherubin, Stefano
 and Ficarelli, Federico
 and Gadioli, Davide
 and Golasowski, Martin
 and Libri, Antonio
 and Martinovi\v{c}, Jan
 and Palermo, Gianluca
 and Pinto, Pedro
 and Rohou, Erven
 and Slaninov\'{a}, Kate\v{r}ina
 and Vitali, Emanuele},
_author = {Silvano, Cristina and others},
}
@InProceedings{Silvano2019Antarex_PDP,
 author = {Silvano, Cristina
 and Agosta, Giovanni
 and Bartolini, Andrea
 and Beccari, Andrea R.
 and Benini, Luca
 and Besnard, Lo\"{\i}c
 and Bispo, Jo\~{a}o
 and Cmar, Radim
 and Cardoso, Jo\~{a}o M. P.
 and Cavazzoni, Carlo
 and Cesarini, Daniele
 and Cherubin, Stefano
 and Ficarelli, Federico
 and Gadioli, Davide
 and Golasowski, Martin
 and Lasri, Imane
 and Libri, Antonio
 and Manelfi, Candida
 and Martinovi\v{c}, Jan
 and Palermo, Gianluca
 and Pinto, Pedro
 and Rohou, Erven
 and Sanna, Nico
 and Slaninov\'{a}, Kate\v{r}ina
 and Vitali, Emanuele
},
 _author = {Silvano, Cristina and others},
 title = {Supporting the Scale-Up of High Performance Application to Pre-Exascale Systems: The {ANTAREX} Approach},
 booktitle={2019 27th Euromicro International Conference on Parallel, Distributed and Network-Based Processing (PDP)}, 
 volume={},
 number={},
 pages={116-123}, 
 doi={10.1109/EMPDP.2019.8671584}, 
 ISSN={2377-5750}, 
 location = {Pavia, Italy},
 year = {2019},
 month = {02},
 isbn = {},
}
