@inproceedings{Thornton:1964:POC:1464039.1464045,
 author = {Thornton, James E.},
 title = {Parallel Operation in the Control Data 6600},
 booktitle = {Proceedings of the October 27-29, 1964, Fall Joint Computer Conference, Part II: Very High Speed Computer Systems},
 series = {AFIPS '64 (Fall, part II)},
 year = {1965},
 location = {San Francisco, California},
 pages = {33--40},
 numpages = {8},
 url = {http://doi.acm.org/10.1145/1464039.1464045},
 doi = {10.1145/1464039.1464045},
 acmid = {1464045},
 publisher = {ACM},
 address = {New York, NY, USA},
} 

@article{Fisher:1981:TST:1311075.1311325,
 author = {Fisher, Joseph A.},
 title = {Trace Scheduling: A Technique for Global Microcode Compaction},
 journal = {IEEE Trans. Comput.},
 issue_date = {July 1981},
 volume = {30},
 number = {7},
 month = jul,
 year = {1981},
 issn = {0018-9340},
 pages = {478--490},
 numpages = {13},
 url = {http://dx.doi.org/10.1109/TC.1981.1675827},
 doi = {10.1109/TC.1981.1675827},
 acmid = {1311325},
 publisher = {IEEE Computer Society},
 address = {Washington, DC, USA},
 keywords = {Data dependency, global microcode optimization, microcode compaction, parallel instruction scheduling, parallel processing, resource conflict, resource conflict, Data dependency, global microcode optimization, microcode compaction, parallel instruction scheduling, parallel processing},
} 
