@inproceedings{Agosta2019EOOLT,
 author = {Agosta, Giovanni and Casella, Francesco and Cherubin, Stefano and Leva, Alberto and Terraneo, Federico},
 _author = {Agosta, Giovanni and others},
 title = {Towards a Benchmark Suite for High-Performance Modelica Compilers ({Work-In-Progress} Paper)},
 booktitle = {9th International Workshop on Equation-Based Object-Oriented Modeling Languages and Tools},
 series = {EOOLT '19},
 year = {2019},
 month={Nov},
 location = {Berlin, Germany},
 pages = {},
 numpages = {4},
 doi = {10.1145/3365984.3365988},
}
