@inproceedings{marco_modelica_conference,
title = {{MARCO}: An Experimental High-Performance Compiler for Large-Scale Modelica Models},
keywords = {Modelica, Compiler construction, Large scale models},
author = {Agosta, Giovanni
 and Casella, Francesco
 and Cattaneo, Daniele
 and Cherubin, Stefano
 and Leva, Alberto
 and Scuttari, Michele
 and Terraneo, Federico},
booktitle={15th International Modelica Conference},
location={Aachen, Germany},
year = {2023},
month={Oct},
publisher={Link\"{o}ping Electronic Conference Proceedings},
isbn={978-91-8075-505-4},
issn={1650-3740},
language = {English},
doi={10.3384/ecp20413},
}
