@article{Baldino2019Modelica,
author={Agosta, Giovanni
 and Baldino, Emanuele
 and Casella, Francesco
 and Cherubin, Stefano
 and Leva, Alberto
 and Terraneo, Federico},
_author={Agosta, Giovanni and others},
title={Towards a High-Performance Modelica Compiler},
doi={10.3384/ecp19157313},
isbn={978-91-7685-122-7},
year={2019},
month={03},
location={Regensburg, Germany},
booktitle={Proceedings of the 13th International Modelica Conference},
pages={313--320},
numpages={8},
url={https://modelica.org/events/modelica2019/proceedings/html/papers/Modelica2019paper3B4.pdf}
}

