@inproceedings{Bolchini2016Runtime,
 author = {Bolchini, Cristiana and Cherubin, Stefano and Durelli, Gianluca C. and Libutti, Simone and Miele, Antonio and Santambrogio, Marco D.},
 _author = {Bolchini, Cristiana and others},
 title = {A Runtime Controller for openCL Applications on Heterogeneous System Architectures},
 booktitle = {Proceedings of CEUR Workshop},
 volume = {},
 number = {},
 month = {10},
 year = {2016},
 issn = {1551-3688},
 location = {Pittsburgh, USA},
 pages = {1--6},
 numpages = {7},
 doi = {10.1145/3199610.3199614},
} 
