@inproceedings{Cattaneo2019CF,
author={Cattaneo, Daniele
 and Di Bello, Antonio
 and Chiari, Michele
 and Cherubin, Stefano
 and Agosta, Giovanni},
_author={Cattaneo, Daniele and others},
title = {Fixed Point Exploitation via Compiler Analyses and Transformations: POSTER},
booktitle = {Proceedings of the 16th ACM International Conference on Computing Frontiers},
series = {CF '19},
year = {2019},
isbn = {978-1-4503-6685-4},
location = {Alghero, Italy},
pages = {292--294},
numpages = {3},
location={Alghero, Italy},
doi={10.1145/3310273.3323424},
month={04},
}
