@article{Cattaneo2021FixM,
author = {Cattaneo, Daniele
 and Chiari, Michele
 and Magnani, Gabriele
 and Fossati, Nicola
 and Cherubin, Stefano
 and Agosta, Giovanni},
_author = {Cattaneo, Daniele and others},
title = {{FixM}: Code Generation of Fixed Point Mathematical Functions},
issn = {2210-5379},
volume = {29},
year = {2021},
month = {03},
articleno = {},
numpages = {17},
doi = {10.1016/j.suscom.2020.100478},
journal = {Sustainable Computing: Informatics and Systems},
shortjournal = {SUSCOM},
url = "http://www.sciencedirect.com/science/article/pii/S2210537920302018",
}

