@article{Cattaneo2022TAFFO,
title = {{TAFFO}: The compiler-based precision tuner},
journal = {SoftwareX},
volume = {20},
pages = {101238},
year = {2022},
issn = {2352-7110},
doi = {10.1016/j.softx.2022.101238},
author = {Cattaneo, Daniele
 and Chiari, Michele
 and Agosta, Giovanni
 and Cherubin, Stefano
},
keywords = {Mixed precision, Compiler, Approximate computing},
}
