@InProceedings{Cattaneo2019ParCo,
author={Cattaneo, Daniele
 and Chiari, Michele
 and Cherubin, Stefano
 and Agosta, Giovanni},
_author={Cattaneo, Daniele and others},
title={Feedback-Driven Performance and Precision Tuning for Automatic Fixed Point Exploitation},
booktitle = {International Conference on Parallel Computing},
series={Advances in Parallel Computing},
year={2019},
volume={36},
number={},
pages={299--308},
location={Prague, Czech Republic},
doi={10.3233/APC200054},
month={09},
}
