@inproceedings{cattaneo2018DSD,
  title = {Embedded Operating System Optimization through Floating to Fixed Point Compiler Transformation},
  author = {Cattaneo, Daniele and Di Bello, Antonio and Cherubin, Stefano and Terraneo, Federico and Agosta, Giovanni},
  _author = {Cattaneo, Daniele and others},
  booktitle = {21st Euromicro Conference on Digital System Design ({DSD})},
  location = {Prague, Czech Republic},
  year = {2018},
  pages={172-176},
  volume={00},
  month = {08},
  issn = {},
  doi = {10.1109/DSD.2018.00042},
  isbn = {978-1-5386-7377-5},
  keywords = {Compilers ; Fixed-Point ; Task Scheduler},
}
