@InProceedings{Cattaneo2021DAC,
  author={Cattaneo, Daniele
   and Chiari, Michele
   and Fossati, Nicola
   and Cherubin, Stefano
   and Agosta, Giovanni
   },
  _author={Cattaneo, Daniele and others},
  booktitle={2021 58th ACM/IEEE Design Automation Conference (DAC)},
  title={Architecture-aware Precision Tuning with Multiple Number Representation Systems},
  year={2021},
  month={12},
  volume={},
  number={},
  pages={673-678},
  doi={10.1109/DAC18074.2021.9586303},
  note={Best Paper Award (shortlisted)},
}

