@InProceedings{cattaneo_et_al:OASIcs.NG-RES.2022.4,
  author =	{Cattaneo, Daniele and Magnani, Gabriele and Cherubin, Stefano and Agosta, Giovanni},
  title =	{{Ahead-Of-Real-Time (ART): A Methodology for Static Reduction of Worst-Case Execution Time}},
  booktitle =	{Third Workshop on Next Generation Real-Time Embedded Systems (NG-RES 2022)},
  pages =	{4:1--4:10},
  series =	{Open Access Series in Informatics (OASIcs)},
  ISBN =	{978-3-95977-221-1},
  ISSN =	{2190-6807},
  year =	{2022},
  volume =	{98},
  editor =	{Bertogna, Marko and Terraneo, Federico and Reghenzani, Federico},
  publisher =	{Schloss Dagstuhl -- Leibniz-Zentrum f{\"u}r Informatik},
  address =	{Dagstuhl, Germany},
  doi =		{10.4230/OASIcs.NG-RES.2022.4},
}
