@article{Cherubin2020TACO,
author = {Cherubin, Stefano and Cattaneo, Daniele and Chiari, Michele and Giovanni, Agosta},
_author = {Cherubin, Stefano and others},
title = {Dynamic Precision Autotuning with {TAFFO}},
volume = {17},
number = {2},
year = {2020},
issn = {1544-3566},
doi = {10.1145/3388785},
journal = {ACM Transaction on Architecture and Code Optimization},
shortjournal = {ACM Trans. Archit. Code Optim.},
month = {may},
articleno = {10},
numpages = {26},
}
