@inproceedings{Cherubin2016PARMADITAM,
 author = {Cherubin, Stefano and Scandale, Michele and Agosta, Giovanni},
 _author = {Cherubin, Stefano and others},
 title = {Stack Size Estimation on Machine-independent Intermediate Code for OpenCL Kernels},
 booktitle = {Proceedings of the 7th Workshop on Parallel Programming and Run-Time Management Techniques for Many-core Architectures and the 5th Workshop on Design Tools and Architectures For Multicore Embedded Computing Platforms},
 series = {PARMA-DITAM '16},
 year = {2016},
 isbn = {978-1-4503-4052-6},
 location = {Prague, Czech Republic},
 pages = {1--6},
 numpages = {6},
 doi = {10.1145/2872421.2872425},
 keywords = {OpenCL, stack size estimation},
}
