@article{cherubin2020survey,
title = {Tools for Reduced Precision Computation: a Survey},
author = {Cherubin, Stefano and Agosta, Giovanni},
journal = {ACM Computing Surveys},
shortjournal = {ACM Comput. Surv.},
year = {2020},
month = {Apr},
volume = {53},
number = {2},
numpages = {35},
issn = {0360-0300},
doi = {10.1145/3381039},
}

