@inproceedings{cherubin2018ACACES,
  title = {{Dynamic Compilation in HPC}},
  author = {Cherubin, Stefano and Agosta, Giovanni},
  booktitle = {{ACACES 2018 poster abstracts}},
  location = {Fiuggi, Italy},
  year = {2018},
  month = {Jul},
  issn = {},
  isbn = {},
}
