@article{cherubin2018libVC,
author = {Cherubin, Stefano and Agosta, Giovanni},
title = {{libVersioningCompiler}: An easy-to-use library for dynamic generation and invocation of multiple code versions},
journal = {SoftwareX},
year = {2018},
pages = {95 - 100},
volume = {7},
number = {},
note = {},
issn = {2352-7110},
doi = {10.1016/j.softx.2018.03.006},
}

