@InProceedings{Cherubin2019Mappping,
author={Cherubin, Stefano
 and Borrelli, Clara
 and Zanoni, Massimiliano
 and Buccoli, Michele
 and Sarti, Augusto
 and Tubaro, Stefano},
_author={Cherubin, Stefano and others},
booktitle={2019 International Workshop on Multilayer Music Representation and Processing (MMRP)},
title={Three-Dimensional Mapping of High-Level Music Features for Music Browsing},
year={2019},
volume={},
number={},
pages={19-26},
doi={10.1109/MMRP.2019.8665368},
ISSN={},
month={01},
location={Milano, Italy}
}
