@article{Cherubin2019ESL,
author={Cherubin, Stefano
 and Cattaneo, Daniele
 and Chiari, Michele
 and Di Bello, Antonio
 and Agosta, Giovanni}, 
_author={Cherubin, Stefano and others},
journal={IEEE Embedded Systems Letters},
title={{TAFFO}: Tuning Assistant for Floating to Fixed point Optimization},
year={2019},
volume={},
number={},
pages={1-1},
keywords={Tools;Tuning;Benchmark testing;Estimation;Approximate computing;Computer architecture;Computer languages;Floating point;fixed point;approximate computing;precision tuning.}, 
doi={10.1109/LES.2019.2913774},
ISSN={1943-0663},
month={},
}
