@InProceedings{cherubin2017ParCo,
  title = {{Implications of Reduced-Precision Computations in HPC: Performance, Energy and Error}},
  author = {Cherubin, Stefano and Agosta, Giovanni and Lasri, Imane and Rohou, Erven and Sentieys, Olivier},
  _author = {Cherubin, Stefano and others},
  booktitle = {Parallel Computing is Everywhere},
  note = {{International Conference on Parallel Computing (ParCo), Sep 2017}},
  location = {Bologna, Italy},
  year = {2018},
  month = {Mar},
  volume = {32: Advances in Parallel Computing},
  doi = {10.3233/978-1-61499-843-3-297},
  issn = {0927-5452},
  isbn = {978-1-61499-842-6},
  pages = {297 -- 306},
  keywords = {Fixed-Point ; Compilers ; Approximate Computing},
}
