@inproceedings{Denisov2024SIGAPP,
author = {Denisov, Lev and Magnani, Gabriele and Cattaneo, Daniele and Agosta, Giovanni and Cherubin, Stefano},
title = {Profiling vs Static Analysis: The Impact on Precision Tuning},
year = {2024},
isbn = {9798400702433},
doi = {10.1145/3605098.3636080},
booktitle = {Proceedings of the 39th ACM/SIGAPP Symposium on Applied Computing},
pages = {446â€“448},
numpages = {3},
series = {SAC '24},
}
