@ARTICLE{Denisov2024Access,
  author={Denisov, Lev
  	and Magnani, Gabriele
  	and Cattaneo, Daniele
  	and Agosta, Giovanni
  	and Cherubin, Stefano},
  _author={Denisov, Lev and others},
  journal={IEEE Access}, 
  title={The Impact of Profiling Versus Static Analysis in Precision Tuning}, 
  year={2024},
  volume={12},
  number={},
  pages={69475-69487},
  doi={10.1109/ACCESS.2024.3401831},
}

