@inproceedings{Festa2019PARMADITAM,
 author = {Festa, Marco and Gervasoni, Nicole and Cherubin, Stefano and Agosta, Giovanni},
 _author = {Festa, Marco and others},
 title = {Continuous Program Optimization via Advanced Dynamic Compilation Techniques},
 booktitle = {Proceedings of the 10th Workshop on Parallel Programming and Run-Time Management Techniques for Many-core Architectures and the 8th Workshop on Design Tools and Architectures For Multicore Embedded Computing Platforms},
 series = {PARMA-DITAM '19},
 year = {2019},
 month = {01},
 isbn = {978-1-4503-6321-1},
 location = {Valencia, Spain},
 pages = {2:1--2:6},
 articleno = {2},
 numpages = {6},
 doi = {10.1145/3310411.3310415},
}
