@article{Fioravanti2023Array,
author = {Fioravanti, Massimo
 and Cattaneo, Daniele
 and Terraneo, Federico
 and Seva, Silvano
 and Cherubin, Stefano
 and Agosta, Giovanni
 and Casella, Francesco
 and Leva, Alberto
},
title = {Array-Aware Matching: Taming the Complexity of Large-Scale Simulation Models},
year = {2023},
issue_date = {September 2023},
publisher = {Association for Computing Machinery},
volume = {49},
number = {3},
issn = {0098-3500},
url = {https://doi.org/10.1145/3611661},
doi = {10.1145/3611661},
journal = {ACM Transactions on Mathematical Software},
month = {sep},
articleno = {27},
numpages = {25},
keywords = {NP-completeness proof, array-aware matching, Equation-based modeling languages}
}
