@InProceedings{Fossati2020PARMA-DITAM,
author = {Fossati, Nicola and Cattaneo, Daniele and Chiari, Michele and Cherubin, Stefano and Agosta, Giovanni},
_author = {Fossati, Nicola and othres},
title = {Automated Precision Tuning in Activity Classification Systems: A Case Study},
booktitle = {Proceedings of the 11th Workshop on Parallel Programming and Run-Time Management Techniques for Many-core Architectures and the 9th Workshop on Design Tools and Architectures For Multicore Embedded Computing Platforms},
series = {PARMA-DITAM '20},
year = {2020},
month = {01},
isbn = {9781450375450},
location = {Bologna, Italy},
pages = {1--6},
articleno = {5},
numpages = {6},
doi = {10.1145/3381427.3381432},
}

