@article{Gadioli2020Tunable,
author = {Gadioli, Davide
 and Palermo, Gianluca
 and Cherubin, Stefano
 and Vitali, Emanuele
 and Giovanni, Agosta
 and Manelfi, Candida
 and Beccari, Andrea R.
 and Cavazzoni, Carlo
 and Sanna, Nico
 and Silvano, Cristina},
_author = {Gadioli, Davide and others},
title = {Tunable approximations to control time-to-solution in an {HPC} molecular docking Mini-App},
volume = {},
number = {},
year = {2020},
issn = {1573-0484},
doi = {10.1007/s11227-020-03295-x},
journal = {The Journal of Supercomputing},
shortjournal = {J. Supercomput.},
month = {apr},
articleno = {},
numpages = {29},
}
