@inproceedings{Magnani2024SeTHet,
author = {Magnani, Gabriele and Cattaneo, Daniele and Denisov, Lev and Tagliavini, Giuseppe and Agosta, Giovanni and Cherubin, Stefano},
_author = {Magnani, Gabriele and others},
title = {{SeTHet} - Sending Tuned numbers over {DMA} onto Heterogeneous clusters: an automated precision tuning story},
year = {2024},
isbn = {9798400705977},
publisher = {Association for Computing Machinery},
address = {New York, NY, USA},
url = {https://doi.org/10.1145/3649153.3649203},
doi = {10.1145/3649153.3649203},
booktitle = {Proceedings of the 21st ACM International Conference on Computing Frontiers},
pages = {258â€“266},
numpages = {9},
keywords = {RISC-V, approximate computing, computer architecture, precision tuning},
location = {Ischia, Italy},
series = {CF '24}
}
