@InProceedings{magnani2024Rust,
  author =	{Magnani, Gabriele and Denisov, Lev and Cattaneo, Daniele and Agosta, Giovanni and Cherubin, Stefano},
  _author={Magnani, Gabriele and others},
  title =	{{Precision Tuning the Rust Memory-Safe Programming Language}},
  booktitle =	{15th Workshop on Parallel Programming and Run-Time Management Techniques for Many-Core Architectures and 13th Workshop on Design Tools and Architectures for Multicore Embedded Computing Platforms (PARMA-DITAM 2024)},
  pages =	{4:1--4:12},
  series =	{Open Access Series in Informatics (OASIcs)},
  ISBN =	{978-3-95977-307-2},
  ISSN =	{2190-6807},
  year =	{2024},
  volume =	{116},
  doi =		{10.4230/OASIcs.PARMA-DITAM.2024.4},

}
