@inproceedings{Nobre2018PARMADITAM,
 author = {Nobre, Ricardo and Reis, Lu\'{i}s and Bispo, Jo\~{a}o and Carvalho, Tiago and Cardoso, Jo\~{a}o M. P. and Cherubin, Stefano and Agosta, Giovanni},
 _author = {Nobre, Ricardo and others},
 title = {Aspect-Driven Mixed-Precision Tuning Targeting GPUs},
 booktitle = {Proceedings of the 9th Workshop on Parallel Programming and Run-Time Management Techniques for Many-core Architectures and the 7th Workshop on Design Tools and Architectures For Multicore Embedded Computing Platforms},
 series = {PARMA-DITAM '18},
 year = {2018},
 month = {01},
 location = {Manchester, United Kingdom},
 pages = {26--31},
 numpages = {6},
 doi = {10.1145/3183767.3183776},
 keywords = {GPGPU, aspect-driven, mixed-precision},
}
