@inproceedings{Scuttari2023CleverDAE,
author = {Scuttari, Michele
 and Camillucci, Nicola
 and Cattaneo, Daniele
 and Agosta, Giovanni
 and Casella, Francesco
 and Cherubin, Stefano
 and Terraneo, Federico},
title = {Clever DAE: Compiler Optimizations for Digital Twins at Scale},
year = {2023},
isbn = {9798400701405},
publisher = {Association for Computing Machinery},
url = {https://doi.org/10.1145/3587135.3589945},
doi = {10.1145/3587135.3589945},
booktitle = {Proceedings of the 20th ACM International Conference on Computing Frontiers},
pages = {344â€“350},
numpages = {7},
keywords = {simulation, compiler, Modelica},
location = {Bologna, Italy},
series = {CF '23}
}
