@InProceedings{Silvano2019Antarex_PDP,
 author = {Silvano, Cristina
 and Agosta, Giovanni
 and Bartolini, Andrea
 and Beccari, Andrea R.
 and Benini, Luca
 and Besnard, Lo\"{\i}c
 and Bispo, Jo\~{a}o
 and Cmar, Radim
 and Cardoso, Jo\~{a}o M. P.
 and Cavazzoni, Carlo
 and Cesarini, Daniele
 and Cherubin, Stefano
 and Ficarelli, Federico
 and Gadioli, Davide
 and Golasowski, Martin
 and Lasri, Imane
 and Libri, Antonio
 and Manelfi, Candida
 and Martinovi\v{c}, Jan
 and Palermo, Gianluca
 and Pinto, Pedro
 and Rohou, Erven
 and Sanna, Nico
 and Slaninov\'{a}, Kate\v{r}ina
 and Vitali, Emanuele
},
 _author = {Silvano, Cristina and others},
 title = {Supporting the Scale-Up of High Performance Application to Pre-Exascale Systems: The {ANTAREX} Approach},
 booktitle={2019 27th Euromicro International Conference on Parallel, Distributed and Network-Based Processing (PDP)}, 
 volume={},
 number={},
 pages={116-123}, 
 doi={10.1109/EMPDP.2019.8671584}, 
 ISSN={2377-5750}, 
 location = {Pavia, Italy},
 year = {2019},
 month = {Feb},
 isbn = {},
}
