@inproceedings{Silvano2018AntarexDSD,
 author = {Silvano, Cristina
 and Agosta, Giovanni
 and Bartolini, Andrea
 and Beccari, Andrea R.
 and Benini, Luca
 and Besnard, Lo\"{\i}c
 and Bispo, Jo\~{a}o
 and Cmar, Radim
 and Cardoso, Jo\~{a}o
 and Cavazzoni, Carlo
 and Cherubin, Stefano
 and Gadioli, Davide
 and Golasowski, Martin
 and Lasri, Imane
 and Martinovi\v{c}, Jan
 and Palermo, Gianluca
 and Pinto, Pedro
 and Rohou, Erven
 and Sanna, Nico
 and Slaninov\'{a}, Kate\v{r}ina
 and Vitali, Emanuele
},
 _author = {Silvano, Cristina and others},
 title = {{ANTAREX}: A {DSL}-based Approach to Adaptively Optimizing and Enforcing Extra-Functional Properties in High Performance Computing},
 booktitle={21st Euromicro Conf. on Digital System Design (DSD)},
 volume={},
 number={},
 pages={600--607},
 doi={10.1109/DSD.2018.00105},
 ISSN={},
 location = {Prague, Czech Republic},
 year = {2018},
 month = {Aug},
 isbn = {},
}
