@inproceedings{Silvano2016ANTAREX,
 author = {Silvano, Cristina and Agosta, Giovanni and Cherubin, Stefano and Gadioli, Davide and Palermo, Gianluca and Bartolini, Andrea and Benini, Luca and Martinovi\v{c}, Jan and Palkovi\v{c}, Martin and Slaninov\'{a}, Kate\v{r}ina and Bispo, Jo\~{a}o and Cardoso, Jo\~{a}o M. P. and Abreu, Rui and Pinto, Pedro and Cavazzoni, Carlo and Sanna, Nico and Beccari, Andrea R. and Cmar, Radim and Rohou, Erven},
 _author = {Silvano, Cristina and others},
 title = {The ANTAREX Approach to Autotuning and Adaptivity for Energy Efficient HPC Systems},
 booktitle = {Proceedings of the ACM International Conference on Computing Frontiers},
 series = {CF '16},
 year = {2016},
 isbn = {978-1-4503-4128-8},
 location = {Como, Italy},
 pages = {288--293},
 numpages = {6},
 doi = {10.1145/2903150.2903470},
 keywords = {DSL, adaptivity, autotuning, compilers, energy efficiency, high performance computing},
}
