@inproceedings{Silvano2018AntarexToolbox,
 author = {Silvano, Cristina and Palermo, Gianluca and Agosta, Giovanni and Ashouri, Amir H. and Gadioli, Davide and Cherubin, Stefano and Vitali, Emanuele and Benini, Luca and Bartolini, Andrea and Cesarini, Daniele and Cardoso, Joao and Bispo, Joao and Pinto, Pedro and Nobre, Riccardo and Rohou, Erven and Besnard, Lo\"{\i}c and Lasri, Imane and Sanna, Nico and Cavazzoni, Carlo and Cmar, Radim and Martinovi\v{c}, Jan and Slaninov\'{a}, Kate\v{r}ina and Golasowski, Martin and Beccari, Andrea R. and Manelfi, Candida},
 _author = {Silvano, Cristina and others},
 title = {Autotuning and Adaptivity in Energy Efficient {HPC} Systems: The {ANTAREX} Toolbox},
 booktitle = {Proceedings of the 15th ACM International Conference on Computing Frontiers},
 series = {CF '18},
 year = {2018},
 isbn = {978-1-4503-5761-6},
 location = {Ischia, Italy},
 pages = {270--275},
 numpages = {6},
 doi = {10.1145/3203217.3205338},
}
