@article{Silvano2019ANTAREX_MICPRO,
title = {The {ANTAREX} domain specific language for high performance computing},
journal = {Microprocessors and Microsystems},
volume = {68},
pages = {58 -- 73},
year = {2019},
issn = {0141-9331},
doi = {10.1016/j.micpro.2019.05.005},
author = {Silvano, Cristina
 and Agosta, Giovanni
 and Bartolini, Andrea
 and Beccari, Andrea R.
 and Benini, Luca
 and Besnard, Lo\"{i}c
 and Bispo, Jo\~{a}o
 and Cmar, Radim
 and Cardoso, Jo\~{a}o M. P.
 and Cavazzoni, Carlo
 and Cesarini, Daniele
 and Cherubin, Stefano
 and Ficarelli, Federico
 and Gadioli, Davide
 and Golasowski, Martin
 and Libri, Antonio
 and Martinovi\v{c}, Jan
 and Palermo, Gianluca
 and Pinto, Pedro
 and Rohou, Erven
 and Slaninov\'{a}, Kate\v{r}ina
 and Vitali, Emanuele},
_author = {Silvano, Cristina and others},
}
