@inproceedings{Silvano2017ANTAREX,
author = {Silvano, Cristina and Agosta, Giovanni and Barbosa, Jorge and Bartolini, Andrea and Beccari, Andrea R. and Benini, Luca and Bispo, Jo\~{a}o and Cardoso, Jo\~{a}o M. P. and Cavazzoni, Carlo and Cherubin, Stefano and Cmar, Radim and Gadioli, Davide and Manelfi, Candida and Martinovi\v{c}, Jan and Nobre, Ricardo and Palermo, Gianluca and Palkovi\v{c}, Martin and Pinto, Pedro and Rohou, Erven and Sanna, Nico and Slaninov\'{a}, Kate\v{r}ina},
_author = {Silvano, Cristina and others},
booktitle = {International Conference on Embedded Computer Systems: Architectures, Modeling, and Simulation (SAMOS)},
title = {The ANTAREX tool flow for monitoring and autotuning energy efficient HPC systems},
series = {SAMOS '17},
year = {2017},
volume = {},
number = {},
location = {Pythagorion, Greece},
pages = {308--316},
doi = {10.1109/SAMOS.2017.8344645},
ISSN = {},
month = {July},
}
